@webpage{top500,
  title = {Supercomputer Top 500 List 06/2004},
  author = {Hans Meuer and Erich Strohmaier and Jack Dongarra and Horst D. Simon},
  publisher = {top500.org},
  url = {http://www.top500.org},
  year = 2004,
  accessed = {21/10/2004},
}

@webpage{wikipedia001,
  title = {Computer cluster},
  author = {wikipedia.org},
  publisher = {wikipedia.org},
  url = {http://en.wikipedia.org/wiki/Computer\_cluster},
  year = 2004,
  accessed = {21/10/2004},
}

@webpage{wikipedia002,
  title = {Supercomputer},
  author = {wikipedia.org},
  publisher = {wikipedia.org},
  url = {http://en.wikipedia.org/wiki/Supercomputer},
  year = 2004,
  accessed = {21/10/2004},
}

@webpage{seti,
  title = {Seti@Home},
  url = {http://setiathome.ssl.berkeley.edu/},
  accessed = {21/10/2004},
  year = 2004,
}

@webpage{xmpp-core,
  title = {RFC 3920: Extensible Messaging and Presence Protocol (XMPP): Core},
  author = {Peter Saint-Andre},
  url = {ftp://ftp.rfc-editor.org/in-notes/rfc3920.txt},
  accessed = {04/11/2004},
  year = 2004,
  comment = {This JEP defines a generic publish/subscribe framework for use by Jabber entities.},
}

@webpage{xmpp-im,
  title = {RFC 3921: Extensible Messaging and Presence Protocol (XMPP): Instant Messaging and Presence},
  author = {Peter Saint-Andre},
  url = {ftp://ftp.rfc-editor.org/in-notes/rfc3921.txt},
  accessed = {04/11/2004},
  year = 2004,
  comment = {This JEP defines a generic publish/subscribe framework for use by Jabber entities.},
}

@webpage{jep0060,
  title = {JEP-0060: Publish-Subscribe},
  author = {Peter Millard},
  url = {http://www.jabber.org/jeps/jep-0060.html},
  accessed = {04/11/2004},
  year = 2004,
  comment = {This JEP defines a generic publish/subscribe framework for use by Jabber entities.},
}

@webpage{wikipedia003,
  title = {Observer Pattern},
  author = {wikipedia.org},
  publisher = {wikipedia.org},
  url = {http://en.wikipedia.org/wiki/Observer\_pattern},
  year = 2005,
  accessed = {06/04/2005},
}
